<?xml version="1.0" encoding="UTF-8"?><record xmlns="http://www.loc.gov/MARC21/slim" xmlns:cinclude="http://apache.org/cocoon/include/1.0" xmlns:zs="http://www.loc.gov/zing/srw/">
  <leader>02710cz  a2200313n  4500</leader>
  <controlfield tag="001">n  84200894 </controlfield>
  <controlfield tag="003">DLC</controlfield>
  <controlfield tag="005">20150106073945.0</controlfield>
  <controlfield tag="008">850115n| azannaabn          |a aaa      </controlfield>
  <datafield tag="010" ind1=" " ind2=" ">
    <subfield code="a">n  84200894 </subfield>
  </datafield>
  <datafield tag="035" ind1=" " ind2=" ">
    <subfield code="a">(OCoLC)oca01256076</subfield>
  </datafield>
  <datafield tag="040" ind1=" " ind2=" ">
    <subfield code="a">DLC</subfield>
    <subfield code="b">eng</subfield>
    <subfield code="e">rda</subfield>
    <subfield code="c">DLC</subfield>
    <subfield code="d">DLC</subfield>
    <subfield code="d">ViFGM</subfield>
  </datafield>
  <datafield tag="046" ind1=" " ind2=" ">
    <subfield code="f">1954</subfield>
  </datafield>
  <datafield tag="100" ind1="1" ind2=" ">
    <subfield code="a">Demy, Timothy J.</subfield>
  </datafield>
  <datafield tag="370" ind1=" " ind2=" ">
    <subfield code="c">United States</subfield>
    <subfield code="e">Newport (R.I.)</subfield>
    <subfield code="2">naf</subfield>
  </datafield>
  <datafield tag="371" ind1=" " ind2=" ">
    <subfield code="m">timothy.demy@usnwc.edu</subfield>
  </datafield>
  <datafield tag="372" ind1=" " ind2=" ">
    <subfield code="a">Education, Higher</subfield>
    <subfield code="a">Military education</subfield>
    <subfield code="2">lcsh</subfield>
  </datafield>
  <datafield tag="373" ind1=" " ind2=" ">
    <subfield code="a">Naval War College (U.S.)</subfield>
    <subfield code="2">naf</subfield>
  </datafield>
  <datafield tag="374" ind1=" " ind2=" ">
    <subfield code="a">College teachers</subfield>
    <subfield code="a">Theologians</subfield>
    <subfield code="2">lcsh</subfield>
  </datafield>
  <datafield tag="375" ind1=" " ind2=" ">
    <subfield code="a">male</subfield>
  </datafield>
  <datafield tag="377" ind1=" " ind2=" ">
    <subfield code="a">eng</subfield>
  </datafield>
  <datafield tag="378" ind1=" " ind2=" ">
    <subfield code="q">Timothy James</subfield>
  </datafield>
  <datafield tag="400" ind1="1" ind2=" ">
    <subfield code="a">Demy, Tim,</subfield>
    <subfield code="d">1954-</subfield>
  </datafield>
  <datafield tag="670" ind1=" " ind2=" ">
    <subfield code="a">Gilroy, W.F.R. A brief chronology of the ... 1983:</subfield>
    <subfield code="b">t.p. (Timothy J. Demy, Lieutenant, Chaplain Corps, U.S. Naval Reserve)</subfield>
  </datafield>
  <datafield tag="670" ind1=" " ind2=" ">
    <subfield code="a">Fast facts on Bible prophecy, 1997:</subfield>
    <subfield code="b">CIP t.p. (Timothy Demy) data sheet, etc. (b. Dec. 6, 1954; Th. M. and Th. D. from Dallas Theological Seminary)</subfield>
  </datafield>
  <datafield tag="670" ind1=" " ind2=" ">
    <subfield code="a">Demy, Timothy J. 101 most puzzling Bible verses, c2006:</subfield>
    <subfield code="b">ECIP t.p. (Tim Demy) data view (Demy, Timothy J.)</subfield>
  </datafield>
  <datafield tag="670" ind1=" " ind2=" ">
    <subfield code="a">Military ethics and emerging technologies, 2014:</subfield>
    <subfield code="b">page i (Professor of Military Ethics, US Naval War College, Newport, Rhode Island)</subfield>
  </datafield>
  <datafield tag="670" ind1=" " ind2=" ">
    <subfield code="a">Email from Demy, December 29, 2014</subfield>
    <subfield code="b">(born 1954; timothy.demy@usnwc.edu; author or editor of: Military ethics and emerging technologies; The coming cashless society; Fast facts on Bible prophecy from A to Zs; Prophecy watch; War, peace, and Christianity: Questions and answers from a Just War tradition; In the name of God: Understanding the mindset of terrorism; Politics and public policy; Genetic engineering; Suicide; Basic questions on suicide and euthanasia; Basic questions on end of life decisions; Basic questions on sexuality and reproductive technology; Basic questions on alternative medicine; chaplains with naval units in Vietnam, 1954-75; A brief chronology of the Chaplain Corps, United States Navy; Sea padres; Winning the marriage m; 101 most difficult Bible Verses; What the Bible teaches about heaven and eternity; The return; When the trumpet sounds; Answers to Common questions about the Bible; Answers to common questions about God; Answers to common questions about heaven &amp; eternity; Answers to common questions about the end times; Answers to common questions about Jesus; Answers to common questions about angels and demons)</subfield>
  </datafield>
  <datafield tag="670" ind1=" " ind2=" ">
    <subfield code="a">OCLC, January 5, 2014 (access points: Demy, Timothy J., Demy, Timothy James, 1954- ; Demy, Timothy James; usage: Timothy J. Demy; Timothy James Demy; Tim Demy; Th.M. Dallas Theological Seminary 1981; M.A. University of Texas at Arlington, 1994; Th.D. Dallas Theological Seminary 1990)</subfield>
  </datafield>
</record>